<record><leader>00000cas a22000007a 4500</leader><controlfield tag="001">17016926</controlfield><controlfield tag="008">871123d19081918aluwr ne      0    0eng d</controlfield><datafield ind1=" " ind2=" " tag="010"><subfield code="a">sn 87050378 </subfield></datafield><datafield ind1=" " ind2=" " tag="040"><subfield code="a">AAR</subfield><subfield code="b">eng</subfield><subfield code="c">AAR</subfield><subfield code="d">CPN</subfield><subfield code="d">OCLCQ</subfield></datafield><datafield ind1=" " ind2=" " tag="042"><subfield code="a">msc</subfield></datafield><datafield ind1="0" ind2=" " tag="130"><subfield code="a">West Alabamian (Carrollton, Ala.)</subfield></datafield><datafield ind1="1" ind2="4" tag="245"><subfield code="a">The West Alabamian.</subfield></datafield><datafield ind1=" " ind2=" " tag="260"><subfield code="a">Carrollton, Ala. :</subfield><subfield code="b">A.W. Struthers,</subfield><subfield code="c">1908-1918.</subfield></datafield><datafield ind1=" " ind2=" " tag="300"><subfield code="a">11 v.</subfield></datafield><datafield ind1=" " ind2=" " tag="310"><subfield code="a">Weekly</subfield></datafield><datafield ind1="0" ind2=" " tag="362"><subfield code="a">Vol. 59, no. 31 (Aug. 12, 1908)-v. 69, no. 9 (Feb. 27, 1918).</subfield></datafield><datafield ind1=" " ind2=" " tag="752"><subfield code="a">United States</subfield><subfield code="b">Alabama</subfield><subfield code="c">Pickens</subfield><subfield code="d">Carrollton.</subfield></datafield><datafield ind1="0" ind2="0" tag="780"><subfield code="t">Alabamian-herald</subfield><subfield code="w">(DLC)sn 87050380</subfield></datafield><datafield ind1="0" ind2="7" tag="785"><subfield code="t">Pickens County herald (Reform, Ala.)</subfield><subfield code="w">(DLC)sn 87050379</subfield></datafield><datafield ind1="0" ind2="7" tag="785"><subfield code="t">Pickens County herald and west Alabamian</subfield><subfield code="w">(DLC)sn 83008141</subfield></datafield></record>